@misc{Hotos2019,
    author = "Andrew {Baumann} and Jonathan {Appavoo} and Orran {Krieger} and Timothy {Roscoe}",
    title = {HotOS 2019: Proceedings of the Workshop on Hot Topics in Operating Systems},
    howpublished = "\url{https://dl.acm.org/doi/10.1145/3317550.3321435}",
    year = {2019}
}
